

@incollection{sb12,
author ={Margo Seltzer and Keith Bostic},
title = {Berkeley {DB}}, 
booktitle = {The Architecture of Open Source Applications}, 
year = {2012},
volume = {1},
editor = {Amy Brown and Greg Wilson},
publisher = {ISBN 978-1-257-63801-7},
}

@incollection{m12,
author ={Adam Marcus},
title = {The {NoSQL} Ecosystem}, 
booktitle = {The Architecture of Open Source Applications}, 
volume = {1},
year = {2012},
editor = {Amy Brown and Greg Wilson},
publisher = {ISBN 978-1-257-63801-7},
}

@inproceedings{obs99,
author ={Michael A. Olson and Keith Bostic and Margo Seltzer},
title = {Berkeley {DB}}, 
booktitle = {Proceedings of the FREENIX Track: 1999 USENIX Annual Technical Conference}, 
year = {1999},
}

@article{da+11,
author ={Petr Danecek and Adam Auton and Goncalo Abecasis
    and Cornelis A. Albers and  Eric Banks and  Mark A. DePristo
    and Robert E. Handsaker and Gerton Lunter and Gabor T. Marth 
    and Stephen T. Sherry and  Gilean McVean and Richard Durbin
    and 1000 Genomes Project Analysis Group},
title = {The variant call format and {VCFtools}}, 
year = {2011},
journal = {Bioinformatics},
volume = {27},
number = {15},
pages = {2156--2158},
}

@article{li11,
author ={Heng Li},
title = {Tabix: fast retrieval of sequence features from generic {TAB}-delimited files.}, 
year = {2011},
journal = {Bioinformatics},
volume = {27},
number = {5},
pages = {718--719},
}








@article{,
author ={},
title = {}, 
year = {},
journal = {},
volume = {},
pages = {},
}




